@article{aghabozorgi2015time,
  title={Time-series clustering--A decade review},
  author={Aghabozorgi, Saeed and Shirkhorshidi, Ali Seyed and Wah, Teh Ying},
  journal={Information Systems},
  volume={53},
  pages={16--38},
  year={2015},
  publisher={Elsevier}
}

@inproceedings{chu2002iterative,
	title={Iterative deepening dynamic time warping for time series},
	author={Chu, Selina and Keogh, Eamonn and Hart, David and Pazzani, Michael},
	booktitle={Proceedings of the 2002 SIAM International Conference on Data Mining},
	pages={195--212},
	year={2002},
	organization={SIAM}
}

@article{izakian2015fuzzy,
	title={Fuzzy clustering of time series data using dynamic time warping distance},
	author={Izakian, Hesam and Pedrycz, Witold and Jamal, Iqbal},
	journal={Engineering Applications of Artificial Intelligence},
	volume={39},
	pages={235--244},
	year={2015},
	publisher={Elsevier}
}

@inproceedings{petitjean2014dynamic,
	title={Dynamic time warping averaging of time series allows faster and more accurate classification},
	author={Petitjean, Fran{\c{c}}ois and Forestier, Germain and Webb, Geoffrey I and Nicholson, Ann E and Chen, Yanping and Keogh, Eamonn},
	booktitle={Data Mining (ICDM), 2014 IEEE International Conference on},
	pages={470--479},
	year={2014},
	organization={IEEE}
}

@article{wang2013experimental,
	title={Experimental comparison of representation methods and distance measures for time series data},
	author={Wang, Xiaoyue and Mueen, Abdullah and Ding, Hui and Trajcevski, Goce and Scheuermann, Peter and Keogh, Eamonn},
	journal={Data Mining and Knowledge Discovery},
	pages={1--35},
	year={2013},
	publisher={Springer}
}

@article{abreu2012using,
	title={Using pattern recognition to identify habitual behavior in residential electricity consumption},
	author={Abreu, Joana M and Pereira, Francisco C{\^a}mara and Ferr{\~a}o, Paulo},
	journal={Energy and buildings},
	volume={49},
	pages={479--487},
	year={2012},
	publisher={Elsevier}
}

@article{jain2009data,
	title={Data clustering: 50 years beyond K-means},
	author={Jain, Anil K},
	journal={Pattern recognition letters},
	volume={31},
	number={8},
	pages={651--666},
	year={2009},
	publisher={Elsevier}
}


