@article{aghabozorgi2015time,
  title={Time-series clustering--A decade review},
  author={Aghabozorgi, Saeed and Shirkhorshidi, Ali Seyed and Wah, Teh Ying},
  journal={Information Systems},
  volume={53},
  pages={16--38},
  year={2015},
  publisher={Elsevier}
}

@article{moritz2015comparison,
	title={Comparison of different Methods for Univariate Time Series Imputation in R},
	author={Moritz, Steffen and Sard{\'a}, Alexis and Bartz-Beielstein, Thomas and Zaefferer, Martin and Stork, J{\"o}rg},
	journal={arXiv preprint arXiv:1510.03924},
	year={2015}
}

@article{calabrese2010eigenplaces,
	title={Eigenplaces: segmenting space through digital signatures},
	author={Calabrese, Francesco and Reades, Jonathan and Ratti, Carlo},
	journal={IEEE Pervasive Computing},
	volume={9},
	number={1},
	pages={78--84},
	year={2010},
	publisher={IEEE}
}


@article{abreu2012using,
	title={Using pattern recognition to identify habitual behavior in residential electricity consumption},
	author={Abreu, Joana M and Pereira, Francisco C{\^a}mara and Ferr{\~a}o, Paulo},
	journal={Energy and buildings},
	volume={49},
	pages={479--487},
	year={2012},
	publisher={Elsevier}
}

@article{vincent2010stacked,
	title={Stacked denoising autoencoders: Learning useful representations in a deep network with a local denoising criterion},
	author={Vincent, Pascal and Larochelle, Hugo and Lajoie, Isabelle and Bengio, Yoshua and Manzagol, Pierre-Antoine},
	journal={Journal of Machine Learning Research},
	volume={11},
	number={Dec},
	pages={3371--3408},
	year={2010}
}

@article{connor1994recurrent,
	title={Recurrent neural networks and robust time series prediction},
	author={Connor, Jerome T and Martin, R Douglas and Atlas, Les E},
	journal={IEEE transactions on neural networks},
	volume={5},
	number={2},
	pages={240--254},
	year={1994},
	publisher={IEEE}
}

@inproceedings{elsaid2016using,
	title={Using LSTM recurrent neural networks to predict excess vibration events in aircraft engines},
	author={ElSaid, AbdElRahman and Wild, Brandon and Higgins, James and Desell, Travis},
	booktitle={e-Science (e-Science), 2016 IEEE 12th International Conference on},
	pages={260--269},
	year={2016},
	organization={IEEE}
}

@article{zhang2003time,
	title={Time series forecasting using a hybrid ARIMA and neural network model},
	author={Zhang, G Peter},
	journal={Neurocomputing},
	volume={50},
	pages={159--175},
	year={2003},
	publisher={Elsevier}
}

@article{kim2003financial,
	title={Financial time series forecasting using support vector machines},
	author={Kim, Kyoung-jae},
	journal={Neurocomputing},
	volume={55},
	number={1},
	pages={307--319},
	year={2003},
	publisher={Elsevier}
}



@article{tay2002modified,
	title={Modified support vector machines in financial time series forecasting},
	author={Tay, Francis EH and Cao, LJ},
	journal={Neurocomputing},
	volume={48},
	number={1},
	pages={847--861},
	year={2002},
	publisher={Elsevier}
}


